@article{zhang2016understanding,
  title={Understanding deep learning requires rethinking generalization},
  author={Zhang, Chiyuan and Bengio, Samy and Hardt, Moritz and Recht, Benjamin and Vinyals, Oriol},
  journal={arXiv preprint arXiv:1611.03530},
  year={2016}
}

@article{szegedy2013intriguing,
  title={Intriguing properties of neural networks},
  author={Szegedy, Christian and Zaremba, Wojciech and Sutskever, Ilya and Bruna, Joan and Erhan, Dumitru and Goodfellow, Ian and Fergus, Rob},
  journal={arXiv preprint arXiv:1312.6199},
  year={2013}
}

@article{mohamed2016learning,
  title={Learning in Implicit Generative Models},
  author={Mohamed, Shakir and Lakshminarayanan, Balaji},
  journal={arXiv preprint arXiv:1610.03483},
  year={2016}
}

@inproceedings{arjovsky2017towards,
  title={Towards principled methods for training generative adversarial networks},
  author={Arjovsky, Martin and Bottou, L{\'e}on},
  booktitle={NIPS 2016 Workshop on Adversarial Training. In review for ICLR},
  volume={2016},
  year={2017}
}

@article{theis2015note,
  title={A note on the evaluation of generative models},
  author={Theis, Lucas and Oord, A{\"a}ron van den and Bethge, Matthias},
  journal={arXiv preprint arXiv:1511.01844},
  year={2015}
}

@article{dwork2014algorithmic,
  title={The algorithmic foundations of differential privacy},
  author={Dwork, Cynthia and Roth, Aaron and others},
  journal={Foundations and Trends{\textregistered} in Theoretical Computer Science},
  volume={9},
  number={3--4},
  pages={211--407},
  year={2014},
  publisher={Now Publishers, Inc.}
}

@article{miyato2017virtual,
  title={Virtual Adversarial Training: a Regularization Method for Supervised and Semi-supervised Learning},
  author={Miyato, Takeru and Maeda, Shin-ichi and Koyama, Masanori and Ishii, Shin},
  journal={arXiv preprint arXiv:1704.03976},
  year={2017}
}

@article{miyato2015distributional,
  title={Distributional smoothing with virtual adversarial training},
  author={Miyato, Takeru and Maeda, Shin-ichi and Koyama, Masanori and Nakae, Ken and Ishii, Shin},
  journal={arXiv preprint arXiv:1507.00677},
  year={2015}
}

@book{hazan2016perturbation,
  title={Perturbation, Optimization, and Statistics},
  author={Hazan, Tamir and Papandreou, George and Tarlow, Daniel},
  year={2016}
}

@article{wang2016theoretical,
  title={A Theoretical Framework for Robustness of (Deep) Classifiers Under Adversarial Noise},
  author={Wang, Beilun and Gao, Ji and Qi, Yanjun},
  journal={arXiv preprint arXiv:1612.00334},
  year={2016}
}

@article{tramer2017space,
  title={The Space of Transferable Adversarial Examples},
  author={Tram{\`e}r, Florian and Papernot, Nicolas and Goodfellow, Ian and Boneh, Dan and McDaniel, Patrick},
  journal={arXiv preprint arXiv:1704.03453},
  year={2017}
}

@article{papernot2016practical,
  title={Practical black-box attacks against deep learning systems using adversarial examples},
  author={Papernot, Nicolas and McDaniel, Patrick and Goodfellow, Ian and Jha, Somesh and Celik, Z Berkay and Swami, Ananthram},
  journal={arXiv preprint arXiv:1602.02697},
  year={2016}
}

@inproceedings{biggio2013evasion,
  title={Evasion attacks against machine learning at test time},
  author={Biggio, Battista and Corona, Igino and Maiorca, Davide and Nelson, Blaine and {\v{S}}rndi{\'c}, Nedim and Laskov, Pavel and Giacinto, Giorgio and Roli, Fabio},
  booktitle={Joint European Conference on Machine Learning and Knowledge Discovery in Databases},
  pages={387--402},
  year={2013},
  organization={Springer}
}

@inproceedings{zeiler2014visualizing,
  title={Visualizing and understanding convolutional networks},
  author={Zeiler, Matthew D and Fergus, Rob},
  booktitle={European conference on computer vision},
  pages={818--833},
  year={2014},
  organization={Springer}
}

@inproceedings{gal2016dropout,
  title={Dropout as a Bayesian approximation: Representing model uncertainty in deep learning},
  author={Gal, Yarin and Ghahramani, Zoubin},
  booktitle={International Conference on Machine Learning},
  pages={1050--1059},
  year={2016}
}

@phdthesis{gal2016uncertainty,
  title={Uncertainty in Deep Learning},
  author={Gal, Yarin},
  year={2016},
  school={PhD thesis, University of Cambridge}
}

@inproceedings{ribeiro2016should,
  title={Why Should I Trust You?: Explaining the Predictions of Any Classifier},
  author={Ribeiro, Marco Tulio and Singh, Sameer and Guestrin, Carlos},
  booktitle={Proceedings of the 22nd ACM SIGKDD International Conference on Knowledge Discovery and Data Mining},
  pages={1135--1144},
  year={2016},
  organization={ACM}
}
@inproceedings{palatucci2009zero,
  title={Zero-shot learning with semantic output codes},
  author={Palatucci, Mark and Pomerleau, Dean and Hinton, Geoffrey E and Mitchell, Tom M},
  booktitle={Advances in neural information processing systems},
  pages={1410--1418},
  year={2009}
}
@article{kendall2017uncertainties,
  title={What Uncertainties Do We Need in Bayesian Deep Learning for Computer Vision?},
  author={Kendall, Alex and Gal, Yarin},
  journal={arXiv preprint arXiv:1703.04977},
  year={2017}
}

@article{lakshminarayanan2016simple,
  title={Simple and Scalable Predictive Uncertainty Estimation using Deep Ensembles},
  author={Lakshminarayanan, Balaji and Pritzel, Alexander and Blundell, Charles},
  journal={arXiv preprint arXiv:1612.01474},
  year={2016}
}

@InProceedings{biggio2012poisoning,
  author       = {Biggio, Battista and Nelson, Blaine and Laskov, Pavel},
  title        = {Poisoning attacks against support vector machines},
  booktitle    = {International Conference on Machine Learning (ICML)},
  year         = {2012},
  organization = {Omnipress (arXiv preprint arXiv:1206.6389)},
}

@InProceedings{biggio2013data,
  author       = {Biggio, Battista and Pillai, Ignazio and Rota Bul{\`o}, Samuel and Ariu, Davide and Pelillo, Marcello and Roli, Fabio},
  title        = {Is data clustering in adversarial settings secure?},
  booktitle    = {Proceedings of the 2013 ACM workshop on Artificial intelligence and security},
  year         = {2013},
  pages        = {87--98},
  organization = {ACM},
}
